<?xml version="1.0" encoding="UTF-8"?><record xmlns="http://www.loc.gov/MARC21/slim" xmlns:cinclude="http://apache.org/cocoon/include/1.0" xmlns:zs="http://www.loc.gov/zing/srw/">
  <leader>00451nz  a2200133n  4500</leader>
  <controlfield tag="001">no 98077606 </controlfield>
  <controlfield tag="003">DLC</controlfield>
  <controlfield tag="005">19980409052758.0</controlfield>
  <controlfield tag="008">980408n| acannaab|          |n aaa     c</controlfield>
  <datafield tag="010" ind1=" " ind2=" ">
    <subfield code="a">no 98077606 </subfield>
  </datafield>
  <datafield tag="035" ind1=" " ind2=" ">
    <subfield code="a">(OCoLC)oca04701020 </subfield>
  </datafield>
  <datafield tag="040" ind1=" " ind2=" ">
    <subfield code="a">MdU</subfield>
    <subfield code="c">MdU</subfield>
  </datafield>
  <datafield tag="100" ind1="1" ind2="0">
    <subfield code="a">Esener, Sadik C.</subfield>
  </datafield>
  <datafield tag="670" ind1=" " ind2=" ">
    <subfield code="a">Spatial light modulators, c1997:</subfield>
    <subfield code="b">t.p. (Sadik C. Esener) p. 65 (Dept. of Electrical and Computer Engineering, University of California at San Diego, La Jolla, CA)</subfield>
  </datafield>
</record>